@Misc{hid-sp18-517-Sqoop,
  title        = {Sqoop User Guide (v1.4.7)},
  howpublished = {webpage},
  note         = {(Accessed on 02/03/2018)},
  url          = {http://sqoop.apache.org/docs/1.4.7/SqoopUserGuide.html#_introduction},
}

@Misc{hid-sp18-517-MongoDB-intro,
  title        = {Introduction to MongoDB ï¿½ MongoDB Manual 3.6},
  howpublished = {webpage},
  note         = {(Accessed on 02/03/2018)},
  url          = {https://docs.mongodb.com/manual/introduction/},
}

@Misc{hid-sp18-517-Hue-wiki,
  title        = {Hue (Hadoop) - Wikipedia},
  howpublished = {webpage},
  note         = {(Accessed on 02/03/2018)},
  url          = {https://en.wikipedia.org/wiki/Hue_(Hadoop)},
}

@Misc{hid-sp18-517-hue-apache,
  title        = {EHue, the self service open source Analytics Workbench for browsing, querying and visualizing data interactively},
  howpublished = {webpage},
  note         = {(Accessed on 02/03/2018)},
  url          = {http://gethue.com/sql-editor/},
}

@Misc{hid-sp18-517-ApacheKudu,
  title        = {Apache Kudu - Overview},
  howpublished = {webpage},
  note         = {(Accessed on 02/03/2018)},
  url          = {http://kudu.apache.org/overview.html},
}

@Misc{hid-sp18-517-ApacheKafka,
  title        = {Apache Kafka},
  howpublished = {webpage},
  note         = {(Accessed on 02/03/2018)},
  url          = {https://kafka.apache.org/},
}

