@Misc{hid-sp18-517-kdl,
  author       = {KNIME},
  title        = {KNIME Deep Learning | KNIME},
  howpublished = {webpage},
  year         = {2018},
  timestamp    = {03/19/2018},
  url          = {https://www.knime.com/deeplearning},
}

@Misc{hid-sp18-517-ksw,
  author       = {KNIME},
  title        = {Software | KNIME},
  howpublished = {webpage},
  year         = {2018},
  timestamp    = {03/19/2018},
  url          = {https://www.knime.com/software},
}

@Misc{hid-sp18-517-kap,
  author       = {KNIME},
  title        = {KNIME Analytics Platform | KNIME},
  howpublished = {webpage},
  year         = {2018},
  timestamp    = {03/19/2018},
  url          = {https://www.knime.com/knime-analytics-platform},
}

@Misc{hid-sp18-517-kintro,
  author       = {KNIME},
  title        = {What is a Node, What is a Workflow | KNIME},
  howpublished = {webpage},
  year         = {2018},
  timestamp    = {03/19/2018},
  url          = {https://www.knime.com/knime-introductory-course/chapter1/section2/what-is-a-node-what-is-a-workflow},
}

@Misc{hid-sp18-517-ch1sec1,
  author       = {KNIME},
  title        = {The KNIME Workbench | KNIME},
  howpublished = {webpage},
  year         = {2018},
  timestamp    = {03/19/2018},
  url          = {https://www.knime.com/knime-introductory-course/chapter1/section1/knime-workbench},
}

@Misc{hid-sp18-517-server,
  author       = {KNIME},
  title        = {KNIME Server | KNIME},
  howpublished = {webpage},
  year         = {2018},
  timestamp    = {03/19/2018},
  url          = {https://www.knime.com/knime-server},
}

@Misc{hid-sp18-517-editions,
  author       = {KNIME},
  title        = {KNIME Server | KNIME},
  howpublished = {webpage},
  year         = {2018},
  timestamp    = {03/19/2018},
  url          = {https://www.knime.com/knime-server#knime-server-editions},
}

@Misc{hid-sp18-517-dl,
  author       = {KNIME},
  title        = {KNIME Deep Learning | KNIME},
  howpublished = {webpage},
  year         = {2018},
  timestamp    = {03/19/2018},
  url          = {https://www.knime.com/deeplearning},
}

@Misc{hid-sp18-517-pml,
  author       = {KNIME},
  title        = {Classification and Predictive Modelling | KNIME},
  howpublished = {webpage},
  year         = {2018},
  timestamp    = {03/19/2018},
  url          = {https://www.knime.com/nodeguide/analytics/classification-and-predictive-modelling},
}

@Misc{hid-sp18-517-h20,
  author       = {KNIME},
  title        = {H2O.ai},
  howpublished = {webpage},
  year         = {2018},
  note         = {03/19/2018},
  url          = {https://www.h2o.ai/h2o/},
}

@Misc{hid-sp18-517-knimeh20,
  author       = {KNIME},
  title        = {H2O Data import and export | KNIME},
  howpublished = {webpage},
  year         = {2018},
  timestamp    = {03/19/2018},
  url          = {https://www.knime.com/nodeguide/scripting/h2o-machine-learning/h2o-data-import-and-export},
}

@Misc{hid-sp18-517-knimeapi,
  author       = {KNIME},
  title        = {Data API Using REST Nodes | KNIME},
  howpublished = {webpage},
  year         = {2018},
  note         = {03/19/2018},
  url          = {https://www.knime.com/nodeguide/data-access/rest-web-services/data-api-using-rest-nodes},
}

@Misc{hid-sp18-517-knimerest,
  author       = {KNIME},
  title        = {Creating RESTful services with KNIME, an update | KNIME},
  howpublished = {webpage},
  note         = {03/19/2018},
  timestamp    = {2018},
  url          = {https://www.knime.com/blog/creating-restful-services-with-knime-an-update},
}

@Misc{hid-sp18-517-dsml,
  author       = {KNIME},
  title        = {Gartner Recognizes KNIME as a Leader in Data Science and Machine Learning Platforms | KNIME},
  howpublished = {webpage},
  year         = {2018},
  timestamp    = {03/19/2018},
  url          = {https://www.knime.com/about/news/gartner-recognizes-knime-as-leader-in-data-science-and-machine-learning-platforms},
}

